<record><leader>00000cas a22000007a 4500</leader><controlfield tag="001">18585638</controlfield><controlfield tag="008">881010d18771896nyuwr ne      0    0eng d</controlfield><datafield ind1=" " ind2=" " tag="010"><subfield code="a">sn 88074801 </subfield></datafield><datafield ind1=" " ind2=" " tag="040"><subfield code="a">NYS</subfield><subfield code="b">eng</subfield><subfield code="c">NYS</subfield><subfield code="d">OCLCQ</subfield></datafield><datafield ind1=" " ind2=" " tag="042"><subfield code="a">msc</subfield></datafield><datafield ind1="0" ind2=" " tag="130"><subfield code="a">Aurora advertiser (East Aurora, N.Y.)</subfield></datafield><datafield ind1="1" ind2="0" tag="245"><subfield code="a">Aurora advertiser.</subfield></datafield><datafield ind1=" " ind2=" " tag="260"><subfield code="a">East Aurora, N.Y. :</subfield><subfield code="b">F.G. Smith</subfield></datafield><datafield ind1=" " ind2=" " tag="300"><subfield code="a">v.</subfield></datafield><datafield ind1=" " ind2=" " tag="310"><subfield code="a">Weekly</subfield></datafield><datafield ind1="0" ind2=" " tag="362"><subfield code="a">-v.25, no. 7 (Sept. 17, 1896).</subfield></datafield><datafield ind1=" " ind2=" " tag="500"><subfield code="a">Publisher: W.C. Woods, &lt;1893&gt;.</subfield></datafield><datafield ind1=" " ind2=" " tag="588"><subfield code="a">Description based on: Vol. 5, no. 51 (Sept. 17, 1877).</subfield></datafield><datafield ind1=" " ind2="4" tag="651"><subfield code="a">East Aurora (N.Y.)</subfield><subfield code="v">Newspapers.</subfield></datafield><datafield ind1=" " ind2="4" tag="651"><subfield code="a">Aurora (N.Y. : Town)</subfield><subfield code="v">Newspapers.</subfield></datafield><datafield ind1=" " ind2="4" tag="651"><subfield code="a">Erie County (N.Y.)</subfield><subfield code="v">Newspapers.</subfield></datafield><datafield ind1=" " ind2=" " tag="752"><subfield code="a">United States</subfield><subfield code="b">New York</subfield><subfield code="c">Erie</subfield><subfield code="d">East Aurora.</subfield></datafield><datafield ind1="0" ind2="0" tag="780"><subfield code="t">Erie County advertiser</subfield><subfield code="w">(DLC)sn 83030769</subfield></datafield><datafield ind1="0" ind2="0" tag="785"><subfield code="t">Aurora advertiser &amp; East Aurora citizen</subfield><subfield code="w">(OCoLC)33067629</subfield></datafield><datafield ind1="1" ind2=" " tag="029"><subfield code="a">AU@</subfield><subfield code="b">000020547646</subfield></datafield></record>